@article{berkes2006analysis,
  title={On the analysis and interpretation of inhomogeneous quadratic forms as receptive fields},
  author={Berkes, Pietro and Wiskott, Laurenz},
  journal={Neural computation},
  volume={18},
  number={8},
  pages={1868--1895},
  year={2006},
  publisher={MIT Press}
}

@techreport{erhan2010understanding,
  title={Understanding representations learned in deep architectures},
  author={Erhan, Dumitru and Courville, Aaron and Bengio, Yoshua},
  year={2010},
  number={1355},
  institution={Universit{\'e} de Montr{\'e}al}
}

@incollection{zeiler2014visualizing,
  title={Visualizing and understanding convolutional networks},
  author={Zeiler, Matthew D and Fergus, Rob},
  booktitle={Computer Vision--ECCV 2014},
  pages={818--833},
  year={2014},
  publisher={Springer}
}

@article{simonyan2013deep,
author    = {Karen Simonyan and
               Andrea Vedaldi and
               Andrew Zisserman},
  title     = {Deep Inside Convolutional Networks: Visualising Image Classification
               Models and Saliency Maps},
  journal   = {CoRR},
  volume    = {abs/1312.6034},
  year      = {2013},
  url       = {http://arxiv.org/abs/1312.6034},
  timestamp = {Mon, 06 Jan 2014 15:10:41 +0100},
  biburl    = {http://dblp.uni-trier.de/rec/bib/journals/corr/SimonyanVZ13},
  bibsource = {dblp computer science bibliography, http://dblp.org}
}

@inproceedings{saxe2011random,
  title={On random weights and unsupervised feature learning},
  author={Saxe, Andrew and Koh, Pang W and Chen, Zhenghao and Bhand, Maneesh and Suresh, Bipin and Ng, Andrew Y},
  booktitle={Proceedings of the 28th International Conference on Machine Learning (ICML-11)},
  pages={1089--1096},
  year={2011}
}

@inproceedings{ngiam2010tiled,
  title={Tiled convolutional neural networks},
  author={Le, Quoc V and Ngiam, Jiquan and Chen, Zhenghao and Chia, Daniel and Koh, Pang W and Ng, Andrew Y},
  booktitle={Advances in Neural Information Processing Systems},
  pages={1279--1287},
  year={2010} 
} 
%note={See Sec.~7 and Footnote 9.}

@inproceedings{le2012building,
  title={Building high-level features using large scale unsupervised learning},
  author={Le, Quoc V and Ranzato, Marc A. and Monga, Rajat and Devin, Matthieu and Chen, Kai and Corrado, Greg S. and Dean, J and Ng, Andrew Y},
  booktitle={International Conference on Machine Learning},
  year={2012}
}

@article{hansen2001completely,
  title={Completely derandomized self-adaptation in evolution strategies},
  author={Hansen, Nikolaus and Ostermeier, Andreas},
  journal={Evolutionary computation},
  volume={9},
  number={2},
  pages={159--195},
  year={2001},
  publisher={MIT Press}
}

@article{wang2004image,
  title={Image quality assessment: from error visibility to structural similarity},
  author={Wang, Zhou and Bovik, Alan C and Sheikh, Hamid R and Simoncelli, Eero P},
  journal={Image Processing, IEEE Transactions on},
  volume={13},
  number={4},
  pages={600--612},
  year={2004},
  publisher={IEEE}
}

@inproceedings{jones1995fitness,
  title={Fitness Distance Correlation as a Measure of Problem Difficulty for Genetic Algorithms},
  author={Jones, Terry and Forrest, Stephanie},
  booktitle={Proceedings of the 6th International Conference on Genetic Algorithms},
  pages={184--192},
  year={1995}
}

@article{pinto2009high,
  title={A high-throughput screening approach to discovering good forms of biologically inspired visual representation},
  author={Pinto, Nicolas and Doukhan, David and DiCarlo, James J and Cox, David D},
  journal={PLoS computational biology},
  volume={5},
  number={11},
  pages={e1000579},
  year={2009},
  publisher={Public Library of Science}
}

@misc{sthor,
  author = {Pinto, Nicolas and Poilvert, Nicolas and Stone, Zak},
  title = {{STHOR} library},
  howpublished = {\url{https://github.com/nsf-ri-ubicv/sthor}}
}

@inproceedings{cox2011beyond,
  title={Beyond simple features: A large-scale feature search approach to unconstrained face recognition},
  author={Cox, David and Pinto, Nicolas},
  booktitle={Automatic Face \& Gesture Recognition and Workshops (FG 2011), 2011 IEEE International Conference on},
  pages={8--15},
  year={2011},
  organization={IEEE}
}

@inproceedings{viglarge,
  title={Large-Scale Optimization of Hierarchical Features for Saliency Prediction in Natural Images},
  author={Vig, Eleonora and Dorr, Michael and Cox, David},
  booktitle={Computer Vision and Pattern Recognition (CVPR), 2014 IEEE Conference on},
  year={2014},
  organization={IEEE}
}

@TechReport{LFWTech,
  author = {Gary B. Huang and Manu Ramesh and Tamara Berg and Erik Learned-Miller},
  title = {Labeled Faces in the Wild: A Database for Studying Face Recognition in Unconstrained Environments},
  institution = {University of Massachusetts, Amherst},
  year = {2007},
  number = {07-49},
  month = {October}
}

@article{wolf2011effective,
  title={Effective unconstrained face recognition by combining multiple descriptors and learned background statistics},
  author={Wolf, Lior and Hassner, Tal and Taigman, Yaniv},
  journal={Pattern Analysis and Machine Intelligence, IEEE Transactions on},
  volume={33},
  number={10},
  pages={1978--1990},
  year={2011},
  publisher={IEEE}
}

@inproceedings{donahue2014decaf,
  title={DeCAF: A Deep Convolutional Activation Feature for Generic Visual Recognition},
  author={Donahue, Jeff and Jia, Yangqing and Vinyals, Oriol and Hoffman, Judy and Zhang, Ning and Tzeng, Eric and Darrell, Trevor},
  booktitle={Proceedings of The 31st International Conference on Machine Learning},
  pages={647--655},
  year={2014}
}

@inproceedings{krizhevsky2012imagenet,
  title={Imagenet classification with deep convolutional neural networks},
  author={Krizhevsky, Alex and Sutskever, Ilya and Hinton, Geoffrey E},
  booktitle={Advances in neural information processing systems},
  pages={1097--1105},
  year={2012}
}

@inproceedings{goodfellow2009measuring,
  title={Measuring invariances in deep networks},
  author={Goodfellow, Ian and Lee, Honglak and Le, Quoc V and Saxe, Andrew and Ng, Andrew Y},
  booktitle={Advances in neural information processing systems},
  pages={646--654},
  year={2009}
}

@article{szegedy2014going,
author    = {Christian Szegedy and
               Wei Liu and
               Yangqing Jia and
               Pierre Sermanet and
               Scott Reed and
               Dragomir Anguelov and
               Dumitru Erhan and
               Vincent Vanhoucke and
               Andrew Rabinovich},
  title     = {Going Deeper with Convolutions},
  journal   = {CoRR},
  volume    = {abs/1409.4842},
  year      = {2014},
  url       = {http://arxiv.org/abs/1409.4842},
  timestamp = {Wed, 01 Oct 2014 15:00:05 +0200},
  biburl    = {http://dblp.uni-trier.de/rec/bib/journals/corr/SzegedyLJSRAEVR14},
  bibsource = {dblp computer science bibliography, http://dblp.org}
}

@article{simonyan2014very,
author    = {Karen Simonyan and
               Andrew Zisserman},
  title     = {Very Deep Convolutional Networks for Large-Scale Image Recognition},
  journal   = {CoRR},
  volume    = {abs/1409.1556},
  year      = {2014},
  url       = {http://arxiv.org/abs/1409.1556},
  timestamp = {Wed, 01 Oct 2014 15:00:05 +0200},
  biburl    = {http://dblp.uni-trier.de/rec/bib/journals/corr/SimonyanZ14a},
  bibsource = {dblp computer science bibliography, http://dblp.org}
}

@article{desimone1991face,
  title={Face-selective cells in the temporal cortex of monkeys},
  author={Desimone, Robert},
  journal={Journal of cognitive neuroscience},
  volume={3},
  number={1},
  pages={1--8},
  year={1991},
  publisher={MIT Press}
}

@article{ito1995size,
  title={Size and position invariance of neuronal responses in monkey inferotemporal cortex.},
  author={Ito, Minami and Tamura, Hiroshi and Fujita, Ichiro and Tanaka, Keiji},
  journal={Journal of Neurophysiology},
  year={1995},
  publisher={American Physiological Society}
}

@article{mahendran2014understanding,
author    = {Aravindh Mahendran and
               Andrea Vedaldi},
  title     = {Understanding Deep Image Representations by Inverting Them},
  journal   = {CoRR},
  volume    = {abs/1412.0035},
  year      = {2014},
  url       = {http://arxiv.org/abs/1412.0035},
  timestamp = {Thu, 01 Jan 2015 19:51:08 +0100},
  biburl    = {http://dblp.uni-trier.de/rec/bib/journals/corr/MahendranV14},
  bibsource = {dblp computer science bibliography, http://dblp.org}
}

@article{lenc2014understanding,
author    = {Karel Lenc and
               Andrea Vedaldi},
  title     = {Understanding image representations by measuring their equivariance
               and equivalence},
  journal   = {CoRR},
  volume    = {abs/1411.5908},
  year      = {2014},
  url       = {http://arxiv.org/abs/1411.5908},
  timestamp = {Mon, 01 Dec 2014 14:32:13 +0100},
  biburl    = {http://dblp.uni-trier.de/rec/bib/journals/corr/LencV14},
  bibsource = {dblp computer science bibliography, http://dblp.org}
}

@article{sermanet2013overfeat,
author    = {Pierre Sermanet and
               David Eigen and
               Xiang Zhang and
               Micha{\"{e}}l Mathieu and
               Rob Fergus and
               Yann LeCun},
  title     = {OverFeat: Integrated Recognition, Localization and Detection using
               Convolutional Networks},
  journal   = {CoRR},
  volume    = {abs/1312.6229},
  year      = {2013},
  url       = {http://arxiv.org/abs/1312.6229},
  timestamp = {Mon, 06 Jan 2014 15:10:41 +0100},
  biburl    = {http://dblp.uni-trier.de/rec/bib/journals/corr/SermanetEZMFL13},
  bibsource = {dblp computer science bibliography, http://dblp.org}
}

@inproceedings{long2014convnets,
  title={Do Convnets Learn Correspondence?},
  author={Long, Jonathan L and Zhang, Ning and Darrell, Trevor},
  booktitle={Advances in Neural Information Processing Systems},
  pages={1601--1609},
  year={2014}
}

@article{razavian2014persistent,
author    = {Ali Sharif Razavian and
               Hossein Azizpour and
               Atsuto Maki and
               Josephine Sullivan and
               Carl Henrik Ek and
               Stefan Carlsson},
  title     = {Persistent Evidence of Local Image Properties in Generic ConvNets},
  journal   = {CoRR},
  volume    = {abs/1411.6509},
  year      = {2014},
  url       = {http://arxiv.org/abs/1411.6509},
  timestamp = {Mon, 01 Dec 2014 14:32:13 +0100},
  biburl    = {http://dblp.uni-trier.de/rec/bib/journals/corr/RazavianAMSEC14},
  bibsource = {dblp computer science bibliography, http://dblp.org}
}

@article{russakovsky2014imagenet,
  author    = {Olga Russakovsky and
               Jia Deng and
               Hao Su and
               Jonathan Krause and
               Sanjeev Satheesh and
               Sean Ma and
               Zhiheng Huang and
               Andrej Karpathy and
               Aditya Khosla and
               Michael S. Bernstein and
               Alexander C. Berg and
               Li Fei{-}Fei},
  title     = {{ImageNet} Large Scale Visual Recognition Challenge},
  journal   = {CoRR},
  volume    = {abs/1409.0575},
  year      = {2014},
  url       = {http://arxiv.org/abs/1409.0575},
  timestamp = {Wed, 01 Oct 2014 15:00:04 +0200},
  biburl    = {http://dblp.uni-trier.de/rec/bib/journals/corr/RussakovskyDSKSMHKKBBF14},
  bibsource = {dblp computer science bibliography, http://dblp.org}
}